@article{westervelt,
  title={Parametric acoustic array},
  author={Westervelt, P. J.},
  journal={J. Acoust. Soc. Am.},
  volume=35,
  pages=535,
  year=1963
}

@article{christov,
  title={Modeling weakly nonlinear acoustic wave propagation},
  author={Christov, I. and Christov, C. I. and Jordan, P. M.},
  journal={Quart. J. Mech. Appl. Math.},
  volume=60,
  number=4,
  pages={473--495},
  year=2007,
  publisher={Oxford Univ Press}
}

@article{albin,
  title={Fourier continuation methods for high-fidelity simulation of
                  nonlinear acoustic beams},
  author={Albin, N. and Bruno, O. P. and Cheung, T. Y. and
                  Cleveland, R. O.},
  journal={J. Acoust. Soc. Am.},
  volume=132,
  pages=2371,
  year=2012
}

@incollection{karamalis,
  title={Fast ultrasound image simulation using the {W}estervelt
                  equation},
  author={Karamalis, A. and Wein, W. and Navab, N.},
  booktitle={Medical Image Computing and Computer-Assisted
                  Intervention--MICCAI 2010},
  pages={243--250},
  year=2010,
  publisher={Springer},
  address={New York}
}

@incollection{lighthill,
  title={Viscosity effects in sound waves of finite amplitude},
  author={Lighthill, M. J.},
  booktitle={Surveys in mechanics},
  pages={250--351},
  year=1956,
  publisher={Cambridge University Press},
  address={Cambdridge}
}

@article{varray,
  title={Simulation of ultrasound nonlinear propagation on {GPU} using a
                  generalized angular spectrum method},
  author={Varray, F. and Cachard, C. and Ramalli,
                  A. and Tortoli, P. and Basset, O.},
  journal={EURASIP J. Image Video Process.},
  volume=2011,
  number=1,
  pages={1--6},
  year=2011,
  publisher={Springer}
}

@article{fagnan-leveque,
  title={Computational Models of Material Interfaces for the Study of
                  Extracorporeal Shock Wave Therapy},
  author={Fagnan, K. and LeVeque, R. J. and Matula, T. J.},
  journal={arXiv preprint arXiv:1202.5065},
  year=2012
}

@book{leveque-book-fv,
  title={Finite volume methods for hyperbolic problems},
  author={LeVeque, R. J.},
  volume=31,
  year=2002,
  publisher={Cambridge university press},
  address={Cambridge}
}


@book{beyer,
  title={Nonlinear acoustics},
  author={Beyer, R. T.},
  year=1997,
  publisher={Acoustical Society of  America},
  address={New York}
}

@book{pierce,
  title={Acoustics: an introduction to its physical principles and
                  applications},
  author={Pierce, A. D.},
  year=1989,
  publisher={Acoust. Soc. Am.}
}

@article{radwan,
  title={Comparison of higher-order accurate schemes for solving the
                  two-dimensional unsteady {B}urgers' equation},
  author={Radwan, S. F.},
  journal={J. Comput. Appl. Math.},
  volume=174,
  number=2,
  pages={383--397},
  year=2005,
  publisher={Elsevier}
}

@article{ginter2002,
  title={Full-wave modeling of therapeutic ultrasound: Nonlinear
                  ultrasound propagation in ideal fluids},
  author={Ginter, S. and Liebler, M. and Steiger, E. and
                  Dreyer, T. and Riedlinger, R. E.},
  journal={J. Acoust. Soc. Am.},
  volume=111,
  pages=2049,
  year=2002
}

@article{jing2011verif,
  title={Verification of the {W}estervelt equation for focused
                  transducers},
  author={Jing, Y. and Shen, D. and Clement, G. T.},
  journal={IEEE Trans. Ultrason., Ferroelectr., Freq. Control},
  volume=58,
  number=5,
  pages={1097--1101},
  year=2011,
  publisher={IEEE}
}

@article{roe,
  title={Approximate {R}iemann solvers, parameter vectors, and
                  difference schemes},
  author={Roe, P. L.},
  journal={J. Comput. Phys.},
  volume=43,
  number=2,
  pages={357--372},
  year=1981,
  publisher={Elsevier}
}

@article{jordan,
  title={An analytical study of {K}uznetsov's equation: diffusive
                  solitons, shock formation, and solution bifurcation},
  author={Jordan, P. M.},
  journal={Phys. Lett. A},
  volume=326,
  number=1,
  pages={77--84},
  year=2004,
  publisher={Elsevier}
}

@article{duck,
  title={Nonlinear acoustics in diagnostic ultrasound},
  author={Duck, F. A.},
  journal={Ultrasound Med. Biol.},
  volume=28,
  number=1,
  pages={1--18},
  year=2002,
  publisher={Elsevier}
}

@article{huijssen2010iterative,
  title={An iterative method for the computation of nonlinear,
                  wide-angle, pulsed acoustic fields of medical
                  diagnostic transducers},
  author={Huijssen, J. and Verweij, M. D.},
  journal={J. Acoust. Soc. Am.},
  volume=127,
  pages=33,
  year=2010
}

@Book{ames1977numerical,
  author = 	 {Ames, W. F.},
  title = 	 {Numerical Methods for Partial Differential Equations},
  publisher = 	 {Academic Press},
  year = 	 1977,
  edition = {2nd}
}

@article{jing2011evaluation,
  title={Evaluation of a wave-vector-frequency-domain method for
                  nonlinear wave propagation},
  author={Jing, Y. and Tao, M. and Clement, G. T.},
  journal={J. Acoust. Soc. Am.},
  volume=129,
  number=1,
  pages=32,
  year=2011
}

@article{blackstock1966connection,
  title={Connection between the {F}ay and {F}ubini solutions for plane
                  sound waves of finite amplitude},
  author={Blackstock, D. T.},
  journal={J. Acoust. Soc. Am.},
  volume=39,
  pages=1019,
  year=1966
}

@article{clason2009boundary,
  title={Boundary optimal control of the {W}estervelt and the {K}uznetsov
                  equations},
  author={Clason, C. and Kaltenbacher, B. and
                  Veljovi{\'c}, S.},
  journal={J. Math. Anal. Appl.},
  volume=356,
  number=2,
  pages={738--751},
  year=2009,
  publisher={Elsevier}
}

@article{meyer2011optimal,
  title={Optimal regularity and long-time behavior of solutions for
                  the {W}estervelt equation},
  author={Meyer, S. and Wilke, M.},
  journal={Appl. Math. Optim.},
  volume=64,
  number=2,
  pages={257--271},
  year=2011,
  publisher={Springer}
}

@book{callen2006thermodynamics,
  title={Thermodynamics and an introduction to thermostatistics},
  author={Callen, H. B.},
  year=1985,
  publisher={Wiley \& Sons},
  edition={2nd},
  address={New York}
}

@book{sharma2010quasilinear,
  title={Quasilinear hyperbolic systems, compressible flows, and
                  waves},
  author={Sharma, V. D.},
  year=2010,
  publisher={Chemical Rubber Company Press},
  address={Boca Raton}
}

@article{crighton1979asymptotic,
  title={Asymptotic solutions of model equations in nonlinear acoustics},
  author={Crighton, D. G. and Scott, J. F.},
  journal={Phil. Trans. R. Soc. A},
  volume=292,
  number=1389,
  pages={101--134},
  year=1979,
  publisher={The Royal Society}
}

@InProceedings{rjl-george:catalina04,
  author =       "R. J. LeVeque and D. L. George",
  title =        "High-resolution finite volume methods for the
                  shallow water equations with bathymetry and dry
                  states",
  booktitle =    "Advanced Numerical Models for Simulationg Tsunami
                  Waves and Runup",
  editor =       "P. L-F. Liu, H. Yeh, C.  Synolakis",
  year =         2007,
  pages =        "43-73",
  note = "\url{http://faculty.washington.edu/rjl/pubs/catalina04/}
                  last visited: november 2013"
}

@article{yi2003stability,
  title={Stability of macroscopic traffic flow modeling through
                  wavefront expansion},
  author={Yi, J. and Lin, H. and Alvarez, L. and Horowitz, R.},
  journal={Transport. Res. B-Meth.},
  volume=37,
  number=7,
  pages={661--679},
  year=2003,
  publisher={Elsevier}
}

@misc{clawpack,
  author={LeVeque, R. J. and Berger, M. J. and others},
  title={Clawpack Software 4.6.1},
  howpublished={\url{www.clawpack.org}},
  year={2010},
  note={last visited: november 2013}
}

@article{yang1992comparative,
  title={A comparative study of advanced shock-capturing shcemes
                  applied to {B}urgers' equation},
  author={Yang, H. Q. and Przekwas, A. J.},
  journal={J. Comput. Phys.},
  volume=102,
  number=1,
  pages={139--159},
  year=1992,
  publisher={Elsevier}
}

@article{aanonsen1984distortion,
  title={Distortion and harmonic generation in the nearfield of a
                  finite amplitude sound beam},
  author={Aanonsen, S. I. and Barkve, T. and Tj{\o}tta, J. N. and
                  Tj{\o}tta, S.},
  journal={J. Acoust. Soc. Am.},
  volume=75,
  pages=749,
  year=1984
}


@article{johnson2003effect,
  title={Effect of molecular relaxation processes on travelling wave
                  solutions of sonic boom waveforms},
  author={Johnson, M. E. and Hammerton, P. W.},
  journal={Wave motion},
  volume=38,
  number=3,
  pages={229--240},
  year=2003,
  publisher={Elsevier}
}

@book{infeld2000nonlinear,
  title={Nonlinear waves, solitons and chaos},
  author={Infeld, E. and Rowlands, G.},
  year=2000,
  publisher={Cambridge University Press},
  address={Cambridge}
}

@article{christopher1991new,
  title={New approaches to nonlinear diffractive field propagation},
  author={Christopher, P. T. and Parker, K. J.},
  journal={J. Acoust. Soc. Am.},
  volume=90,
  pages=488,
  year=1991
}

@article{yuldashev2011simulation,
  title={Simulation of three-dimensional nonlinear fields of
                  ultrasound therapeutic arrays},
  author={Yuldashev, P. V. and Khokhlova, V. A.},
  journal={Acoust. Phys.},
  volume=57,
  number=3,
  pages={334--343},
  year=2011,
  publisher={Springer}
}

@article{dagrau2011acoustic,
  title={Acoustic shock wave propagation in a heterogeneous medium: A
                  numerical simulation beyond the parabolic
                  approximation},
  author={Dagrau, F. and R{\'e}nier, M. and Marchiano, R. and Coulouvrat, F.},
  journal={J. Acoust. Soc. Am.},
  volume=130,
  pages=20,
  year=2011
}

@article{varray2011fundamental,
  title={Fundamental and second-harmonic ultrasound field computation
                  of inhomogeneous nonlinear medium with a generalized
                  angular spectrum method},
  author={Varray, F. and Ramalli, A. and Cachard, C. and Tortoli,
                  P. and Basset, O.},
  journal={IEEE Trans. Ultrason., Ferroelectr., Freq. Control},
  volume=58,
  number=7,
  pages={1366--1376},
  year=2011,
  publisher={IEEE}
}

@article{demi2011contrast,
  title={A contrast source method for nonlinear acoustic wave fields
                  in media with spatially inhomogeneous attenuation},
  author={Demi, L. and Van Dongen, K. W. A. and Verweij, M. D.},
  journal={J. Acoust. Soc. Am.},
  volume=129,
  pages=1221,
  year=2011
}

@article{sutin1998nonlinear,
  title={Nonlinear acoustic method for bubble density measurements in
                  water},
  author={Sutin, A. M. and Yoon, S. W. and Kim, E. J. and Didenkulov,
                  I. N.},
  journal={J. Acoust. Soc. Am.},
  volume=103,
  pages=2377,
  year=1998
}

@article{okita2011development,
  title={Development of high intensity focused ultrasound simulator
                  for large-scale computing},
  author={Okita, K. and Ono, K. and Takagi, S. and Matsumoto, Y.},
  journal={Int. J. Numer. Meth. Fluids.},
  volume=65,
  number={1-3},
  pages={43--66},
  year=2011,
  publisher={Wiley Online Library}
}

@misc{cudaclaw,
  author={ Stuart, J. A. and Gorune Ohannessian, H. and Mandli, K. and
                  Turkiyyah, G. and Owens, J. D. and Ketcheson, D.  },
  title={{CUDACLAW}: An Interactive Data-Parallel Hyperbolic {PDE}},
  howpublished={SC11 poster, 
  \url{http://db.tt/QNScBVfz}},
  year=2011,
  note={last visited: november 2013}
}

@article{hallaj1999fdtd,
  title={{FDTD} simulation of finite-amplitude pressure and temperature
                  fields for biomedical ultrasound},
  author={Hallaj, I. M. and Cleveland, R. O.},
  journal={J. Acoust. Soc. Am.},
  volume=105,
  pages={L7},
  year=1999
}

@article{tsuchiya1991finite,
  title={Finite element analysis of focusing field in nonlinear
                  acoustic waves},
  author={Tsuchiya, T. and Kagawa, Y.},
  journal={Jpn. J.  Appl. Phys. Supp.},
  volume=30,
  pages={51--53},
  year=1991
}

@inproceedings{frijlink2008abersim,
  title={Abersim: a simulation program for 3{D} nonlinear acoustic wave
                  propagation for arbitrary pulses and arbitrary
                  transducer geometries},
  author={Frijlink, M. E. and Kaupang, H. and Varslot, T. and
                  M\r{a}s{\o}y, S.-E.},
  booktitle={Ultrasonics Symposium, 2008. IUS 2008. IEEE},
  pages={1282--1285},
  year=2008,
  organization={IEEE},
  address={Beijing}
}

@inproceedings{anderson20002d,
  title={A 2D nonlinear wave propagation solver written in open-source
                  matlab code},
  author={Anderson, M. E.},
  booktitle={Ultrasonics Symposium, 2000 IEEE},
  volume=2,
  pages={1351--1354},
  year=2000,
  organization={IEEE},
  address={San Juan, Puerto Rico}
}

@article{varslot2005computer,
  title={Computer simulation of forward wave propagation in soft tissue},
  author={Varslot, T. and Taraldsen, G.},
  journal={IEEE Trans. Ultrason., Ferroelectr., Freq. Control},
  volume=52,
  number=9,
  pages={1473--1482},
  year=2005,
  publisher={IEEE}
}

@article{varslot2006forward,
  title={Forward propagation of acoustic pressure pulses in 3D soft
                  biological tissue},
  author={Varslot, T. and M\r{a}s{\o}y, S.-E.},
  journal={Model. Ident. Control},
  volume=27,
  number=3,
  pages={181--200},
  year=2006,
  publisher={Norwegian Society of Automatic Control}
}

@article{khokhlova2001numerical,
  title={Numerical modeling of finite-amplitude sound beams: Shock
                  formation in the near field of a cw plane piston
                  source},
  author={Khokhlova, V. A. and Souchon, R. and Tavakkoli, J. and
                  Sapozhnikov, O. A. and Cathignol, D.},
  journal={J. Acoust. Soc. Am.},
  volume=110,
  pages=95,
  year=2001
}

@article{kuznetsov1971equations,
  title={Equations of nonlinear acoustics},
  author={Kuznetsov, V. P.},
  journal={Sov. Phys. Acoust},
  volume=16,
  number=4,
  pages={467--470},
  year=1971
}

@article{zabolotskaya1969quasi,
  title={Quasi-plane waves in the nonlinear acoustics of confined
                  beams},
  author={Zabolotskaya, E. A. and Khokhlov, R. V.},
  journal={Sov. Phys. Acoust},
  volume=15,
  number=1,
  pages={35--40},
  year=1969
}

@article{pinton2009heterogeneous,
  title={A heterogeneous nonlinear attenuating full-wave model of
                  ultrasound},
  author={Pinton, G. and Dahl, J. and Rosenzweig, S. and Trahey, G.},
  journal={IEEE Trans. Ultrason., Ferroelectr., Freq. Control},
  volume=56,
  number=3,
  pages={474--488},
  year=2009,
  publisher={IEEE}
}

@incollection{fagnan2008high,
  title={High-resolution finite volume methods for extracorporeal
                  shock wave therapy},
  author={Fagnan, K. and LeVeque, R. J. and Matula, T. J. and
                  MacConaghy, B.},
  booktitle={Hyperbolic Problems: Theory, Numerics, Applications},
  pages={503--510},
  year=2008,
  publisher={Springer},
  address={New Yrok}
}

@incollection{beyer1998parameter,
  title={The parameter {B}/{A}},
  chapter=2,
  author={Beyer, R. T.},
  year=1998,
  booktitle={Nonlinear acoustics},
  publisher={Academic press},
  address={San Diego}
}

@incollection{hamilton1998model,
  title={Model equations},
  chapter=3,
  author={Hamilton, M. F. and Morfey, C. L.},
  year=1998,
  booktitle={Nonlinear acoustics},
  publisher={Academic press},
  address={San Diego}
}

@article{rendon2010nonlinear,
  title={Nonlinear progressive waves in a slide trombone resonator},
  author={Rend{\'o}n, P. L. and Ordu{\~n}a-Bustamante, F. and Narezo,
                  D. and P{\'e}rez-L{\'o}pez, A. and Sorrentini, J.},
  journal={J. Acoust. Soc. Am.},
  volume=127,
  pages=1096,
  year=2010
}

@misc{foot1,
  note={Where $c_v$ and $c_p$ are specific heat at constant volume and
                  pressure, respectively, $\kappa_T$ is isothermal
                  compressibility, and $\alpha$ is the coefficient of
                  thermal expansion.}
}
